@ARTICLE{HE2012,
  author = {Jun He and Syuan-Ming Guo and Mark Bathe},
  title = {Bayesian Approach to the Analysis of Fluorescence Correlation Spectroscopy Data I: Theory},
  journal = {Analytical Chemistry},
  year = {2012},
  volume = {84},
  number = {9},
  pages = {3871--3879},
  doi = {10.1021/ac2034369},
}


@ARTICLE{GUO2012,
  author = {Syuan-Ming Guo and Jun He and Nilah Monnier and Guangyu Sun and Thorsten Wohland and Mark Bathe},
  title = {Bayesian Approach to the Analysis of Fluorescence Correlation Spectroscopy Data {II:} Application to Simulated and In Vitro Data},
  journal = {Analytical Chemistry},
  year = {2012},
  volume = {84},
  number = {9},
  pages = {3880--3888},
  doi = {10.1021/ac2034375},
}

@ARTICLE{KASS1995,
  author = {Robert E. Kass and Adrian E. Raftery},
  title = {Bayes Factors},
  journal = {Journal of the American Statistical Association},
  year = {1995},
  volume = {90},
  number = {430},
  pages = {773--795},
  doi = {10.1080/01621459.1995.10476572},
}

@BOOK{BURNHA2002,
  author = {Kenneth P. Burnham and David R. Anderson},
  title = {Model Selection and Multimodel Inference},
  publisher = {Springer},
  adress = {New York London Berlin},
  year = {2002},
  isbn = {0387953647},
  edition = {2},
}

@ARTICLE{AKAIKE1974,
  author = {H. Akaike},
  title = {A new look at the statistical model identification},
  journal = {{IEEE} Transactions on Automatic Control},
  year = {1974},
  volume = {19},
  number = {6},
  pages = {716--723},
  doi = {10.1109/TAC.1974.1100705},
}

@ARTICLE{SCHWAR1978,
  author = {Gideon Schwarz},
  title = {Estimating the Dimension of a Model},
  journal = {The Annals of Statistics},
  year = {1978},
  volume = {6},
  number = {2},
  pages = {461--464},
  doi = {10.1214/aos/1176344136},
}

@Misc{Lauritzen_laplace,
    howpublished = {\url{http://www.stats.ox.ac.uk/~steffen/teaching/bs2HT9/laplace.pdf}},
    title = {Laplace's Method of Integration},
    author = { Lauritzen,Steffen},
    year={2009},
}
